@misc{mathworksErf,
url={https://au.mathworks.com/help/matlab/ref/erf.html},
journal={au.mathworks.com},
year={2020},
author={Mathworks},
publisher={Mathworks},
title={error function matlab erf mathworks australia},
note={Accessed: 21/03/2020}
}