@misc{rumsey_2020,
title={How to Interpret a Correlation Coefficient r - dummies},
url={https://www.dummies.com/education/math/statistics/how-to-interpret-a-correlation-coefficient-r/},
journal={dummies},
author={Rumsey, Deborah},
year={2020}
}