@misc{earth_2020,
    url={http://berkeleyearth.org/},
    journal={Berkeley Earth},
    year={2020}
}