@misc{sampling_dists_2020,
    url={https://www.csus.edu/indiv/j/jgehrman/courses/stat50/samplingdists/7samplingdist.htm#top},
    journal={Csus.edu},
    year={2020}
}